@online{UdManizales,
    author = "Yanneth Gutiérrez Sánchez",
    title = "Gestión de Memoria",
    url  = "https://sites.google.com/site/sisoper1/home/gestion-de-memoria",
    addendum = "(accessed: 14.04.2013)",
 
}

@online{Osan,
    author = "Osan Lopez L.",
    title = "Técnicas de aumento de prestaciones para memoria y E/S",
    url  = "https://osanlopezlopez.wordpress.com/2015/09/17/tecnicas-de-aumento-de-prestaciones-para-memoria-y-es/",
    addendum = "(accessed: 24.09.2015)",

}
@inbook{Augusto,
    author = "Augusto Salazar",
    title = "Nociones de la memoria del computador",
    publisher = "Universidad de Antioquia",
    year = "",
    chapter = "",
    keywords  = ""
}